@software{mikaelmello_2025_inquire,
  author = {Mikaelmello},
  title = {Inquire},
  year = {2025},
  url = {https://github.com/mikaelmello/inquire},
  version = {0.7.5}
}
